@Book{dk1,
author = {Некрасов В.А.},
title = {Вероятностные задачи мореходности судов},
publisher = {Судостроение},
year = {1978},
}

@Misc{dk2,
author = {Мирзоев Д. А., Зильберштейн О. И., Лопатухин Л. И. },
title = {Концепция обеспечения специализированной гидрометеорологической информацией проектирования 	сооружений на шельфе арктических морей},
howpublished = {Труды четвертой Междунар. конференции «Освоение шельфа арктических морей». RAO-99. СПб},
year = {1999},
}

@Article{dk3,
author = {Бухановский А.В., Лопатухин Л.И., Иванов С.В. },
title = {Подходы, опыт и некоторые результаты исследований волнового климата океанов и морей. I. Постановка задачи и входные данные.},
journal = {Вестник СПбГУ},
year = {2005},
pages = {62-74},
}

@Article{dk5,
author = {Boukhanovsky A.V., Guedes Soares C.},
title = {Modelling of multipeaked directional wave spectra},
journal = {Applied Ocean Research},
year = {2009},
volume = {31},
pages = {132-141},
}

@Misc{,
title = {•},
}


@Misc{dk6,
author = {Бухановский А.В., Дегтярев А.Б., Лопатухин Л.И.},
title = {Вероятностное моделирование морского волнового климата},
howpublished = {Известия АН. Физика атмосферы и океана, 1998, т.34, №2, с.261-266},
OPTmonth = {•},
OPTyear = {•},
OPTnote = {•},
OPTannote = {•}
}


@Article{dk38,
author = {Weymouth G.D., Wilson R.V., Stern F.},
title = {RANS Computational Fluid Dynamics Predictions of Pitch and Heave Ship Motions in Head Seas},
journal = {Journal of Ship Research},
year = {2005},
volume = {49},
number = {2},
pages = {80–97},
}


