@Misc{dk1,
title={ {	Некрасов В.А. Вероятностные задачи мореходности судов. Л., Судостроение, 1978.} },}

@Misc{dk2,
title={ {	Мирзоев Д. А., Зильберштейн О. И., Лопатухин Л. И. и др. Концепция обеспечения специализированной гидрометеорологической информацией проектирования сооружений на шельфе арктических морей// Труды четвертой Междунар. конференции «Освоение шельфа арктических морей». RAO-99. СПб., 1999} },}

@Misc{dk3,
title={ {	Бухановский А.В., Лопатухин Л.И., Иванов С.В. Подходы, опыт и некоторые результаты исследований волнового климата океанов и морей. I. Постановка задачи и входные данные. Вестник СПбГУ, сер. 7, вып. 3, 2005, с. 62-74.} },}

@Misc{dk4,
title={ {	Справочные данные по режиму ветра и волнения Японского и Карского морей / Лопатухин Л.И., Бухановский А.В., Чернышева Е.С. // Российский Морской регистр судоходства, СПб, 2009, 358 с.} },}

@Misc{dk5,
title={ {	Boukhanovsky A.V., Guedes Soares C. Modelling of multipeaked directional wave spectra // Applied Ocean Research, 31 – 2009, p. 132-141} },}

@Misc{dk6,
title={ {	Бухановский А.В., Дегтярев А.Б., Лопатухин Л.И., Рожков В.А. Вероятностное моделирование морского волнового климата // Известия АН. Физика атмосферы и океана, 1998, т.34, №2, с.261-266.} },}

@Misc{dk7,
title={ {	Пирсон В.Дж. Ветровые волны.-в сб.: Ветровые волны., М., ИЛ, 1962, с. 42-124.} },}

@Misc{dk8,
title={ {	Degtyarev A.B., Boukhanovsky A.V. Peculiarities of motion of ship with low buoyancy on asymmetrical random waves. Proceedings of the 7th International Conference on Stability of Ships and Ocean Vehicles, STAB’2000, 7–11 Feb., Launceston, Tasmania, Australia, 2000, pp.865–679.} },}

@Misc{dk9,
title={ {	Проблемы исследования и математического моделирования ветрового волнения //под ред.И.Н.Давидана. СПб., Гидрометеоиздат, 1995.} },}

@Misc{dk10,
title={ {	Stochastic simulation of inhomogeneous metocean fields. Part II: Synoptic variability and rare events / A.V. Boukhanovsky [et al] // Lecture Notes in Computer Science. – 2003. – Vol. 2658. – P. 223-233.} },}

@Misc{dk11,
title={ {	Stochastic simulation of inhomogeneous metocean fields. Part I: Annual variability / A.V. Boukhanovsky [et al] // Lecture Notes in Computer Science. – 2003. – Vol. 2658. - P. 213-222.} },}

@Misc{dk12,
title={ {	Lopatoukhin L.J. Freak waves generation and their probability (Вероятность возникновения волн-убийц) / L.J. Lopatoukhin, A.V. Boukhanovsky // Int. Shipbuilding Progress. – 2004. - Vol. 51, №2-3. - P. 157-171.} },}

@Misc{dk13,
title={ {	Fonseca N.; Guedes Soares C.; Pascoal R. Global Loads on a FPSO Induced by a Set of Freak Waves // J. Offshore Mech. Arct. Eng. 131, 011103, 2009 (электронный доступ на http://asmedl.aip.org/journals/doc/ASMEDL-home/most\_downloaded.jsp?KEY=JMOEEX\&Year=2008\&Month=12\&agg=md)} },}

@Misc{dk14,
title={ {	ОСТ 5.1003-80. Методика расчета качки водоизмещающих кораблей и судов. Л., 1980.} },}

@Misc{dk15,
title={ {	Бородай И.К., Нецветаев Ю.А. Качка судов на морском волнении // Л., Судостроение, 1969.} },}

@Misc{dk16,
title={ {	Атавин А.А., Васильев О.Ф., Тарасевич В.В., Яненко А.П. Нестационарные процессы в судопропускных сооружениях: математическое и лабораторное моделирование, натурные испытания. Proceedings of International Conference RDAMM-2001, с. 63-69} },}

@Misc{dk17,
title={ {	Луговский В.В. Нелинейные задачи мореходности корабля. Л., Судостроение, 1966} },}

@Misc{dk18,
title={ {	Belenky V., Boukhanovsky A., Degtyarev A. On Probabilistic Qualities of Severe Rolling. Proceedings of the International Symposium “Ship Safety in a Seaway: Stability, Manoeuvrability, Nonlinear Approach”. Kaliningrad 15-19 May 1995, Vol.1, Paper 7, 19 p.} },}

@Misc{dk19,
title={ {	Зильман Г.И., Китаева Е.Т., Мирохин Б.В. Исследование особенностей качки судна на нерегулярном волнении  методом статистического моделирования. - Научно-тех.  сб.  Регистра СССР, 1986, вып.15, с.3-9} },}

@Misc{dk20,
title={ {	Belenky V.L. Probabilistic qualities of nonlinear stochastic rolling / V.L. Belenky, A.B. Degtyarev, A.V Boukhanovsky // Ocean Engineering. – 1998. - Vol. 25, №1. - P. 1–25.} },}

@Misc{dk21,
title={ {	Нечаев Ю.И., Дегтярев А.Б., Бухановский А.В. Определение областей безопасной качки при оценке динамики судна на волнении. Доклады НТК «Проблемы мореходных качеств судов и корабельной гидромеханики» (XL Крыловские чтения), СПб, 2001, с. 117-119.} },}

@Misc{dk22,
title={ {	Fonseca N.; Guedes Soares C. Comparison of numerical and experimental results of nonlinear wave-induced vertical ship motions and loads // Journal of Marine Science and Technology, Vol.6, 4, 2002, p. 193-204.} },}

@Misc{dk23,
title={ {	Spyrou K.J., “The Nonlinear Dynamics of Ships in Broaching”, Marie Curie Fellowships Annals, Vol. 1. (электронный доступ http://www.mariecurie.org/annals/volume1/spyrou.pdf )} },}

@Misc{dk24,
title={ {	Нечаев Ю.И., Завьялова О.П. .Экстремальная ситуация «брочинг»: анализ и критериальные оценки условий «захвата» и опрокидывания судна // Морской вестник. №1(9). 2004, с.87-92.ы} },}

@Misc{dk25,
title={ {	Rognebakke, O. F. \& Faltinsen, O. M., 2001, ‘Effect of sloshing on ship motions,’ 16th IWWWFB, Hiroshima (электронный доступ http://www.iwwwfb.org/Abstracts/iwwwfb16/iwwwfb16\_35.pdf )} },}

@Misc{dk26,
title={ {	Rognebakke, O. F. \& Faltinsen, O. M., 2003, ‘Coupling of sloshing and ship motions,’ J. Ship Research, 47, 3, 208-221.} },}

@Misc{dk27,
title={ {	Surendran S. Kiran V. Control of ship roll motion by active fins using fuzzy logic. Ships and Offshore Structures, Volume 2, Issue 1 2007 , pp. 11 – 20} },}

@Misc{dk28,
title={ {	Shyh-Leh Chen, Wei-Chih Hsu FUZZY SLIDING MODE CONTROL FOR SHIP ROLL STABILIZATION. Asian Journal of Control, Vol. 5, No. 2, pp. 187-194} },}

@Misc{dk29,
title={ {	Belenky, V.L., Weems, K.M., W.M. Lin, Paulling J.R. Probabilistic analysis of roll parametric resonance in head seas, Proc. of STAB’03 8th International Conference on Stability of Ships and Ocean Vehicles, Madrid, Spain.} },}

@Misc{dk30,
title={ {	Umeda N., Hashimoto H., Vassalos D., Urano S. Okou K. Nonlinear Dynamics ion Parametric Roll Resonance with Realistic Numerical Modelling. Proc. of 8th Inter. Conference on the Stability of Ships and Ocean Vehicles STAB03} },}

@Misc{dk31,
title={ {	Апполонов Е.М., Бойцов Г.В., Кудрин М.А., Кутейников М.А., Шишенин Е.А. Исследования взаимодействия корпуса с аномальной волной на примере гибели судна “Аурелия”, Российский морской регистр судоходства, Научно-технический сборник, выпуск 29, стр. 28-44} },}

@Misc{dk32,
title={ {	ROGUE WAVES 2008 // Proceedings of International Conference // Brest, France, 13-15 October 2008, edited by M. Olagnon \& M. Prevosto. Режим доступа: http://www.ifremer.fr/web-com/stw2008/rw/papers.html [свободный].} },}

@Misc{dk33,
title={ {	Pawlowski M. Effect of Decks on Survivability of Ro–Ro Vessels  // Proceedings of 9th International Conference on Stability of Ships and Ocean Vehicles (STAB-2006) – 25-29 September, Rio de Janeiro, Brazil, 2006 (CD-version)} },}

@Misc{dk34,
title={ {	Cho S. Hong S., Kim J. Park I.  The Numerical Study on the Coupled Dynamics of Ship Motion and Flooding Water // Proceedings of 9th International Conference on Stability of Ships and Ocean Vehicles (STAB-2006) – 25-29 September, Rio de Janeiro, Brazil, 2006 (CD-version)} },}

@Misc{dk35,
title={ {	Ki-Han Kim, Joseph Gorski, Ronald Miller, Robert Wilson, Frederick Stern, Mark Hyman, Clarence Burg, Simulation of Surface Ship Dynamics, dod\_ugc, pp.188, 2003 User Group Conference (DoD UGC'03), 2003} },}

@Misc{dk36,
title={ {	Arabshahi, A., Taylor, L. K., and Whitfield, D. L., UNCLE: Toward A Comprehensive Time-Accurate Incompressible Navier-Stokes Flow Solver, " AIAA-95-0050, AIAA 33rd Aerospace Sciences Meeting, Reno, NV, January 1995} },}

@Misc{dk37,
title={ {	IIHR - Hydroscience \& Engineering Ship Hydrodynamics Website, Режим доступа: http://www.iihr.uiowa.edu/~shiphydro/cfdshipiowa.htm  [свободный].} },}

@Misc{dk38,
title={ {	Weymouth G.D., Wilson R.V., Stern F. RANS Computational Fluid Dynamics Predictions of Pitch and Heave Ship Motions in Head Seas, Journal of Ship Research, Vol. 49, No. 2, June 2005, pp. 80–97} },}

@Misc{dk39,
title={ {	Lin W.M., Yue D.K.P. “Time-Domain Analysis for Floating Bodies in Mild-Slope Waves of Large Amplitude”, Proceedings of the Eight International Workshop on Water Waves and Floating Bodies, Newfoundland, Canada} },}

@Misc{dk40,
title={ {	Shin Y.S., Belenky V.L., Lin W.M., Weems K.M., Engle A.H. Nonlinear time domain simulation Technology for Seakeeping and Wave Load Analysis for Model Ship Design, SNAME Annual Meeting, San-Francisco, U.S.A., 2003} },}

@Misc{dk41,
title={ {	Flow Vision // Режим доступа: http://www.flowvision.ru/ [свободный]} },}

@Misc{dk42,
title={ {	Дегтярев А. Б. Методология анализа и прогноза мореходных качеств судов на основе высокопроизводительных компьютерных технологий // диссертация доктора технических наук : 05.08.01, 05.13.18 / С.-Петерб. гос. мор. техн. ун-т.- Санкт-Петербург, 2004.- 450 с.} },}

@Misc{dk43,
title={ {	Wu, G.X. and Hu, Z.Z. (2004) Simulation of nonlinear interactions between waves and floating bodies through a finite-element-based numerical tank. Proceedings of the Royal Society A: Mathematical Physical and Engineering Sciences, 460 (2050). pp. 2797-2817.} },}

@Misc{dk44,
title={ {	The Virtual Tank Utility in Europe (FP 6 – 516201) // Режим доступа: http://www.hsva.de/01\_profile\_content/press\_content/VIRTUE\_for\_Naval\_Architect.pdf  [свободный]} },}

@Misc{dk45,
title={ {	Monaghan, J. J. (1992) Smoothed particle hydrodynamics, Annual review of astronomy and astrophysics. Vol. 30 (A93-25826 09-90), p. 543-574.} },}

@Misc{dk46,
title={ {	W.G. Hoover (2006) Smooth Particle Applied Mechanics: The State of the Art. World / Scientific Publishing Co Pte Ltd.} },}

@Misc{dk47,
title={ {	J. Monaghan and R. Gingold. (1983) Shock simulations by the particle method sph. Journal of Comp. Physics, Vol. 52, p.374.} },}

@Misc{dk48,
title={ {	Benedict D. Rogers. (2004) SPH Modeling of Breaking Waves, Coastal Engineering, pp 415-427.} },}

@Misc{dk49,
title={ {	Herault, A. Bilotta, G., Del Negro, C. Russo, G. Vicari, A. (2009) SPH Modeling of Lava Flows With GPU Implementation, Proceedings of  4th International Scientific Conference on Physics and Control, Catania, Italy, September, 1–September, 4 2009} },}

@Misc{dk50,
title={ {	Michal Chladek, Roman Durikovic, (2010) Smoothed Particle Hydrodynamics in Flood Simulations, Proceedings of the 26th Spring Conference on Computer Graphics.} },}

@Misc{dk51,
title={ {	Brooks Jr. F.P. What's Real About Virtual Reality? // IEEE Computer Graphics And Applications, 19(6). – 1999. – pp. 16-27.} },}

@Misc{dk52,
title={ {	Burdea G.C., Coiffet P. Virtual Reality Technology, 2nd Edition. - Wiley-IEEE Press, 2003. - 464 p.} },}

@Misc{dk53,
title={ {	Yarwood B. Virtual Space - The Future Of Movies and Video Games // 2009, доступ свободный [http://www.virtualspace.org.uk/]} },}

@Misc{dk54,
title={ {	Cruz-Neira C., Sandin D.J., DeFanti T.A. Surround-Screen Projection-based Virtual Reality: The Design and Implementation of the CAVE // SIGGRAPH'93: Proceedings of the 20th Annual Conference on Computer Graphics and Interactive Techniques, 1993} },}

@Misc{dk55,
title={ {	Xsens Human Mocap, доступ свободный [http://www.xsens.com/en/company-pages/company/human-mocap/]} },}

@Misc{dk56,
title={ {	fMRI Brain-Computer Interface: A Tool for Neuroscientific Research and Treatment / R. Sitaram [et al.] // Computational Intelligence and Neuroscience. Volume 2007 (2007), Article ID 25487, doi:10.1155/2007/25487. - 10 p.} },}

@Misc{dk57,
title={ {	Clausen J. Man, machine and in between // Nature, 457 (26 February 2009). - 2009. - pp. 1080-1081.} },}

@Misc{dk58,
title={ {	Hammock A. The future of brain-controlled devices. CNN. 2010 [http://edition.cnn.com/2009/TECH/12/30/brain.controlled.computers/index.html]} },}

@Misc{dk59,
title={ {	A note on ethical aspects of BCI / P. Haselagera, R. Vleka, J. Hillb, F. Nijboer // Neural Networks, Volume 22, Issue 9, November 2009. - pp. 1352-1357.} },}

@Misc{dk60,
title={ {	Tamburrini G. Brain to Computer Communication: Ethical Perspectives on Interaction Models // NEUROETHICS, Volume 2, Number 3. - 2009. - pp. 137-149.} },}

@Misc{dk61,
title={ {	Motion Simulation Capabilities of Three-Degree-of-Freedom Flight Simulators / N.A. Pouliot, C.M. Gosselin, M.A. Nahon // Journal of Aircraft 35 (1). - 1998. - pp. 9–17.} },}

@Misc{dk62,
title={ {	Sturman, D.J., Zeltzer, D. A survey of glove-based input // IEEE Computer Graphics and Applications 14 (1). - 1994. - pp. 30–39.} },}

@Misc{dk63,
title={ {	TouchTable [http://www.touchtable.com/]} },}

@Misc{dk64,
title={ {	Welcome to Microsoft Surface [http://www.microsoft.com/surface/]} },}

@Misc{dk65,
title={ {	Зенкин А.А. Когнитивная компьютерная графика / ред. Поспелов Д.А.. — М: Наука, 1991. —192 С.} },}

@Misc{dk66,
title={ {	Computational Steering / R. van Liere, J.D. Mulder, J.J. Van Wijk // Future Generation Computer Systems, Elsevier North-Holland, vol. 12, 441-450, 1997.} },}

@Misc{dk67,
title={ {	Prospects for Computational Steering of Evolutionary Computation / S. Bullock, J. Cartlidge, M. Thompson // Workshop Proceedings of the Eighth International Conference on Artificial Life. MIT Press. - 2002. - pp. 8–13.} },}

@Misc{dk68,
title={ {	Flexible soft real-time processing in middleware / S.A. Brandt, G.J. Nutt // Real-Time Systems, Volume 22, Numbers 1-2. - 2002. - pp. 77-118.} },}

@Misc{dk69,
title={ {	Semantic eScience: Encoding Meaning in Next-Generation Digitally Enhanced Science / P. Fox, J. Hendler // The Fourth Paradigm. Data-Intensive Scientific Discovery. – Misrosoft, 2009. – pp. 147-152.} },}

@Misc{dk70,
title={ {	Visualization for Data-Intensive Science / C. Hansen, C.R. Johnson, V. Pascucci, C.T. Silva // The Fourth Paradigm. Data-Intensive Scientific Discovery. – Misrosoft, 2009. – pp. 153-163.} },}

@Misc{dk71,
title={ {	Visually mining and monitoring massive time series / J. Lin, E. Keogh, S. Lonardi, J.P. Lankford, D.M. Nystrom // Proceedings of the 10 th ACM SIGKDD International Conference on Knowledge Discovery and Data Mining. - 2004. - pp. 460-469.} },}

@Misc{dk72,
title={ {	Visual Mining of Cluster Hierarchies / H.-P. Kriegel, S. Brecheisen, E. Januzaj, P. Kroger,  M. Pfeifle // Proc. 3rd Int. Workshop on Visual Data Mining (VDM@ICDM2003). - 2003. - pp. 151-165.} },}

%-------------------------------------------------------

@Misc{p295I_31,
title={{Boukhanovsky A.V., Lopatoukhin L.J. Ryabinin V.E. Evaluation of the highest wave in a storm. Marine meteorology and related Oceanographic Activities. Report \#38, WMO-TD-№858, 1998, 21 p.}}, }

@Misc{p295I_45,
title={{Лонге–Хиггинс М.С. Статистический анализ случайной движущейся поверхности. В кн.: Ветровые волны. М., ИЛ, 1962, с. 112–230.}}, }

@Misc{krogstad89,
title={{Harald E. Krogstad. (1989) Simulation of Multivariate Gaussian Time Series. Communication in Statistics. 18(3), p. 929–941.}}, }

%-------------------------------------------------------

@Misc{vtb_ship_ee,
title={{ Charles W. Brice, Levent U. G\"{o}kdere, Roger A. (1998) DougalThe Virtual Test Bed: An Environment for Virtual Prototyping. Proceedings of International Conference on Electric Ship (ElecShip’98), pp. 27-31, Istanbul, Turkey, September }}, 
}

@Misc{vtb_ILRO,
title={{ Jorge Bardina and T. Rajkumar. Dougal. Intelligent Launch and Range Operations Virtual Test Bed
(ILRO-VTB). Proceedings Vol. 5091
Enabling Technologies for Simulation Science VII, Alex F. Sisti; Dawn A. Trevisani, Editors, pp.141-148 }}, 
}
	
@Misc{lopatuhin2004,
title={{ Лопатухин Л.И. Ветровое волнение. Санкт-Петербург, 2004. }}, 
}

@Misc{newton,
title={{И. Ньютон,  Математические начала натуральной философии, Собр. трудов А. Н. Крылова, т. 7, Изд. АН СССР, М.–Л., 1936.
}},}

@Misc{hanovich47,
title={{И.Г. Ханович,  Качка корабля, Военное Изд. Министерства Вооруженных Сил Союза ССР, М., 1947.
}},}


@Misc{fmod,
title={{ fmod - interactive audio middleware [http://www.fmod.org/] }},}

@Misc{bullet,
title={{ Game Physics Simulation [http://bulletphysics.org/wordpress/] }},}

@Misc{freeimage,
title={{ The FreeImage Project [http://freeimage.sourceforge.net/] }},}

@Misc{bezgodov08, 
title={{Безгодов А.А., Стародубцев Э.В. Реализация модели освещения Кука-Торренса c использованием технологии Deferred Shading // // Научно-технический вестник СПб ГУ ИТМО. 2008. с. 34-44.}}, }


@Misc{cook_torrance, 
title={{ Cook, R.L., Torrance. K.E., 1982. A Reflectanhce Model for Computer Graphics }},}

@Misc{stalker,
title={{ Shishkovtsov, О. 2005. Deferred shading in S.T.A.L.K.E.R. GPU gems 2 : programming techniques for high-performance graphics and general-purpose
computation / edited by Matt Pharr ; Randima Fernando, series editor.}},}

@Misc{killzone,
title={{ Michiel van der Leeuw., 2007. “Deferred Rendering in Killzone 2”. Presentation. }},}

@Misc{ngan,
title={{ Ngan, A., Durand, F., Matusik, W., 2004. Experimental Analysis of BRDF Models. }},}

@Misc{bmfont,
title={{Bitmap Font Generator. [http://www.angelcode.com/products/bmfont/]}}, }

@INPROCEEDINGS{Engel01high-qualitypre-integrated,
    author = {Klaus Engel and Martin Kraus and Thomas Ertl},
    title = {High-Quality Pre-Integrated Volume Rendering Using Hardware-Accelerated Pixel Shading},
    booktitle = {},
    year = {2001},
    pages = {9--16},
    publisher = {ACM Press}
}

@Misc{mlaa,
title={{ Reshetov A. 2009. Morphological Antialiasing. In Proceedings of High Performace Graphics. http://visual-computing.intel-research.net/publications/papers/2009/mlaa/mlaa.pdf }}, }


@Misc{crysis,
title={{ Martin Mittring «Finding Next Gen – CryEngine 2» Advanced Real-Time Rendering in 3D Graphics and Games Course – SIGGRAPH 2007 }},}


@Misc{projgrid,
title={{ Claes Johanson «Real-time water rendering: Introducing the projected grid concept» Master of Science thesis }},}

@Misc{catmull_clark,
title={{ E. Catmull and J. Clark: Recursively generated B-spline surfaces on arbitrary topological meshes, Computer-Aided Design 10(6):350-355 (November 1978) }},}

