@ARTICLE{ExampleRef,
  AUTHOR =       {Ivan Ivanov and Petr Petrov},
  TITLE =        {Title},
  JOURNAL =      {Journal},
  YEAR =         {2009},
  volume =       {11},
  number =       {23},
  pages =        {134-140},
}

@ARTICLE{ExampleRef2,
  AUTHOR =       {Pert Ivanov},
  TITLE =        {Title},
  JOURNAL =      {Journal},
  YEAR =         {2009},
  volume =       {4},
  number =       {16},
  pages =        {48-51},
}
